ISA*00*          *00*          *ZZ*EMPLOYERCO     *ZZ*MEDPAY         *260601*1200*^*00501*000000003*0*P*:~
GS*RA*EMPLOYERCO*MEDPAY*20260601*1200*3*X*005010X218~
ST*820*0003~
BPR*C*1000.00*C*ACH*CCP*01*999000011*DA*123456789*1111111111**01*888000022*DA*987654321*20260601~
TRN*1*PREM-LOOP~
RMR*AZ*ORPHAN*PI*10.00~
ADX*-5.00*53~
N1*PE*MEDPAY INSURANCE*FI*111223333~
N3*1 PAYER PLAZA~
N4*COLUMBUS*OH*43215~
N4****US~
ENT*1*2J*FI*GRP-LOOP~
NM1*IL*1*DOE*JANE****MI*MBR0001~
N1*PE*LOOP PARTY~
N3*999 LOOP ST~
N4*LOOPCITY*OH*43210~
RMR*AZ*POL-LOOP*PI*100.00~
SE*16*0003~
GE*1*1~
IEA*1*000000003~
