ISA*00*          *00*          *ZZ*EMPLOYERCO     *ZZ*MEDPAY         *260601*1200*^*00501*000000002*0*P*:~
GS*RA*EMPLOYERCO*MEDPAY*20260601*1200*2*X*005010X218~
ST*820*0002~
BPR*D*5000.00*D*CHK*CCP*01*999000011*DA*123456789*1111111111**01*888000022*DA*987654321*20260615~
TRN*1*PREM-EDGE~
N1*PE*MEDPAY INSURANCE*FI*111223333~
N3*1 PAYER PLAZA~
N4*COLUMBUS*OH*43215~
REF*ZZ*RECV-REF~
N1*RM*EMPLOYER CO*FI*444556666~
REF*ZZ*REMIT-REF~
N1*41*SOME SUBMITTER*FI*555667777~
ENT*2*2J*FI*GRP-0002~
NM1*IL*1*ROE*JOHN****MI*MBR0003~
RMR*AZ*POL-EDGE*PI*100.00~
DTM*009~
ADX~
RMR~
SE*17*0002~
GE*1*1~
IEA*1*000000002~
