ISA*00*          *00*          *ZZ*PAYER          *ZZ*PROVIDER       *260626*1500*^*00501*000000005*0*P*:~
GS*HP*PAYER*PROVIDER*20260626*1500*5*X*005010X221A1~
ST*835*0005~
BPR*I*80.00*C*ACH*CCP*01*555000066*DA*678900034*7777777777**01*666000077*DA*456789055*20260626~
TRN*1*0022222*7777777777~
N1*PR*MISBALANCED PAYER~
N3*1 ERROR WAY~
N4*ANYTOWN*OH*44130~
N1*PE*BILLER LLC~
N3*2 BILLER LN~
N4*ANYTOWN*OH*44130~
REF*TJ*111222333~
LX*1~
CLP*PT-E*1*100.00*80.00*0*12*PAYER-CLAIM-E*11*1~
NM1*QC*1*EPSILON*PATIENT****MI*MEMBER-E~
NM1*82*2*BILLER LLC*****XX*4444444444~
SVC*HC:99213*100.00*80.00**1~
DTM*472*20260625~
CAS*CO*45*10.00~
REF*6R*LINE-E-001~
SE*16*0005~
GE*1*5~
IEA*1*000000005~
