ISA*00*          *00*          *ZZ*PAYER          *ZZ*PROVIDER       *260625*1100*^*00501*000000004*0*P*:~
GS*HP*PAYER*PROVIDER*20260625*1100*4*X*005010X221A1~
ST*835*0004~
BPR*I*200.00*C*ACH*CCP*01*555000066*DA*678900034*7777777777**01*666000077*DA*456789055*20260625~
TRN*1*0011111*7777777777~
N1*PR*REMARK-HEAVY PAYER~
N3*9 REMARK BLVD~
N4*ANYTOWN*OH*44120~
N1*PE*RENDERING CLINIC~
N3*4 RENDERING WAY~
N4*ANYTOWN*OH*44120~
REF*TJ*777666555~
LX*1~
CLP*PT-D*2*300.00*200.00*0*12*PAYER-CLAIM-D*11*1~
NM1*QC*1*DELTA*PATIENT****MI*MEMBER-D~
NM1*82*2*RENDERING CLINIC*****XX*3333333333~
SVC*HC:99213*300.00*200.00**1~
DTM*472*20260620~
CAS*CO*45*90.00~
CAS*OA*9999*10.00~
LQ*HE*N4~
LQ*HE*ZZZZ~
REF*6R*LINE-D-001~
SE*18*0004~
GE*1*4~
IEA*1*000000004~
