ISA*00*          *00*          *ZZ*COMMERCIAL     *ZZ*CLINICSUBMTR   *260615*0930*^*00501*000000002*0*P*:~
GS*HP*COMMERCIAL*CLINICSUBMTR*20260615*0930*2*X*005010X221A1~
ST*835*0002~
BPR*I*240.00*C*ACH*CCP*01*111000025*DA*123450001*9999999999**01*222000050*DA*876540009*20260615~
TRN*1*0098765*9999999999~
N1*PR*COMMERCIAL PAYER CO~
N3*1 PAYER PLAZA~
N4*ANYTOWN*OH*44101~
N1*PE*COMMUNITY CLINIC LLC~
N3*22 PROVIDER WAY~
N4*ANYTOWN*OH*44101~
REF*TJ*999000111~
LX*1~
CLP*PT-A*1*200.00*160.00*10.00*12*PAYER-CLAIM-A*11*1~
NM1*QC*1*ALPHA*PATIENT****MI*MEMBER-A~
NM1*82*2*RENDERING PROVIDER LLC*****XX*1111111111~
SVC*HC:99214*200.00*160.00**1~
DTM*472*20260601~
CAS*CO*45*30.00~
CAS*PR*2*10.00~
REF*6R*LINE-A-001~
CLP*PT-B*1*100.00*80.00*20.00*12*PAYER-CLAIM-B*11*1~
NM1*QC*1*BETA*PATIENT****MI*MEMBER-B~
NM1*82*2*RENDERING PROVIDER LLC*****XX*1111111111~
SVC*HC:90834*100.00*80.00**1~
DTM*472*20260605~
CAS*PR*3*20.00~
REF*6R*LINE-B-001~
SE*26*0002~
GE*1*2~
IEA*1*000000002~
