ISA*00*          *00*          *ZZ*AVAILITY       *ZZ*SUBMITTER      *260627*0900*^*00501*000000006*0*P*:~
GS*HP*AVAILITY*SUBMITTER*20260627*0900*6*X*005010X221A1~
ST*835*0006~
BPR*I*135.00*C*ACH*CCP*01*999000033*DA*112233445*1098765432**01*888000044*DA*556677889*20260627~
TRN*1*AVTRACE12345*1098765432~
REF*EV*AVAILITY-EV-001~
N1*PR*AVAILITY-ROUTED COMMERCIAL PAYER~
N3*1 PAYER WAY~
N4*JACKSONVILLE*FL*32202~
REF*2U*AV-PAYERID-001~
PER*BL*AVAILITY OPS*TE*9045551111~
N1*PE*CLEARINGHOUSE-ROUTED CLINIC~
N3*7 CLINIC AVE~
N4*JACKSONVILLE*FL*32202~
REF*TJ*555444333~
LX*1~
CLP*PT-AV-1*1*150.00*135.00*15.00*12*AV-PAYERCLAIM-1*11*1~
NM1*QC*1*ZETA*PATIENT****MI*AV-MEMBER-1~
NM1*82*2*RENDERING PROVIDER*****XX*5555555555~
DTM*232*20260620~
DTM*233*20260620~
SVC*HC:99213*150.00*135.00**1~
DTM*472*20260620~
CAS*PR*1*15.00~
REF*6R*AV-LINE-001~
REF*F8*AV-ORIGREF-001~
SE*23*0006~
GE*1*6~
IEA*1*000000006~
