ISA*00*          *00*          *ZZ*PAYER          *ZZ*PROVIDER       *260620*0830*^*00501*000000003*0*P*:~
GS*HP*PAYER*PROVIDER*20260620*0830*3*X*005010X221A1~
ST*835*0003~
BPR*I*50.00*C*ACH*CCP*01*333000044*DA*456780012*5555555555**01*444000055*DA*876540123*20260620~
TRN*1*0099999*5555555555~
N1*PR*PAYER HEALTH PLAN~
N3*5 PAYER ST~
N4*ANYTOWN*OH*44109~
N1*PE*PROVIDER GROUP~
N3*8 PROVIDER LN~
N4*ANYTOWN*OH*44109~
REF*TJ*888777666~
LX*1~
CLP*PT-C*1*100.00*100.00*0*MC*PAYER-CLAIM-C*11*1~
NM1*QC*1*GAMMA*PATIENT****MI*MEMBER-C~
NM1*82*2*PROVIDER GROUP*****XX*2222222222~
SVC*HC:99213*100.00*100.00**1~
DTM*472*20260615~
REF*6R*LINE-C-001~
PLB*2222222222*20261231*WO:PRIOR-CLAIM-X*50.00~
SE*16*0003~
GE*1*3~
IEA*1*000000003~
