ISA*00*          *00*          *ZZ*EMPLOYERCO     *ZZ*MEDPAY         *260601*1200*^*00501*000000001*0*P*:~GS*RA*EMPLOYERCO*MEDPAY*20260601*1200*1*X*005010X218~ST*820*0001~BPR*C*12500.00*C*ACH*CCP*01*999000011*DA*123456789*1111111111**01*888000022*DA*987654321*20260601~TRN*1*PREM-202606*1111111111~N1*PE*MEDPAY INSURANCE*FI*111223333~N1*PR*EMPLOYER CO*FI*444556666~N3*500 CORPORATE BLVD~N4*COLUMBUS*OH*43215~ENT*1*2J*FI*GRP-0001~NM1*IL*1*DOE*JANE****MI*MBR0001~RMR*AZ*POL-0001*PI*250.00*250.00~DTM*582*20260601~ADX*-25.00*53*AZ*POL-0001~RMR*AZ*POL-0002*PI*500.00*500.00~NM1*IL*1*ROE*JOHN****MI*MBR0002~RMR*AZ*POL-0003*PI*300.00*300.00~SE*16*0001~GE*1*1~IEA*1*000000001~